<collection xmlns="http://www.loc.gov/MARC21/slim">
<record>
  <leader>01690nam0a2200313 i 450 </leader>
  <controlfield tag="001">IT\ICCU\CNCE\053213</controlfield>
  <controlfield tag="005">20120517000000.0</controlfield>
  <datafield tag="012" ind1=" " ind2=" ">
    <subfield code="a">ruL- ete- 2928 1121 (3) 1593 (R)</subfield>
    <subfield code="2">fei</subfield>
  </datafield>
  <datafield tag="100" ind1=" " ind2=" ">
    <subfield code="a">20020927d1593        0itac0103    ba</subfield>
  </datafield>
  <datafield tag="101" ind1=" " ind2=" ">
    <subfield code="a">LAT</subfield>
  </datafield>
  <datafield tag="102" ind1=" " ind2=" ">
    <subfield code="a">IT</subfield>
  </datafield>
  <datafield tag="200" ind1="1" ind2=" ">
    <subfield code="a">℗Theodosii Rubei Priuernatis ℗Tabulae XII ad eleuationem poli graduum 42. Ex quibus, in sex primis, cognoscitur singulis diebus quantitas diei, ac noctis, et utriusque crepusculi, tam matutini, quam vespertini; tempus ortus solis, meridiei, et mediae noctis, in horis Italicis; ac denique ortu, et occasus solis in horis communibus, siue a meridie, et media nocte. In sex vero posterioribus quotidie ex altitudine soli hora dignoscitur</subfield>
  </datafield>
  <datafield tag="210" ind1=" " ind2=" ">
    <subfield code="a">Romae</subfield>
    <subfield code="c">apud Aloysium Zannettum</subfield>
    <subfield code="d">1593</subfield>
  </datafield>
  <datafield tag="215" ind1=" " ind2=" ">
    <subfield code="a">32 p.</subfield>
    <subfield code="c">ill.</subfield>
    <subfield code="d">4ʻ</subfield>
  </datafield>
  <datafield tag="620" ind1=" " ind2=" ">
    <subfield code="a">IT</subfield>
    <subfield code="d">Roma</subfield>
  </datafield>
  <datafield tag="700" ind1=" " ind2="1">
    <subfield code="a">Rossi,</subfield>
    <subfield code="b">Teodosio</subfield>
    <subfield code="3">IT\ICCU\CNCA\016654</subfield>
  </datafield>
  <datafield tag="712" ind1="0" ind2="0">
    <subfield code="a">Zanetti, Luigi</subfield>
    <subfield code="3">IT\ICCU\CNCT\000093</subfield>
    <subfield code="4">650</subfield>
  </datafield>
  <datafield tag="790" ind1=" " ind2="1">
    <subfield code="a">Rubeus,</subfield>
    <subfield code="b">Theodosius</subfield>
    <subfield code="3">IT\ICCU\CNCA\023967</subfield>
    <subfield code="z">Rossi, Teodosio</subfield>
  </datafield>
  <datafield tag="791" ind1="0" ind2="0">
    <subfield code="a">Zannetti, Luigi</subfield>
    <subfield code="3">IT\ICCU\CNCT\003872</subfield>
    <subfield code="z">Zanetti, Luigi</subfield>
  </datafield>
  <datafield tag="791" ind1="0" ind2="0">
    <subfield code="a">Zannettus, Aloysius</subfield>
    <subfield code="3">IT\ICCU\CNCT\005800</subfield>
    <subfield code="z">Zanetti, Luigi</subfield>
  </datafield>
  <datafield tag="791" ind1="0" ind2="0">
    <subfield code="a">Zanettus, Aloysius</subfield>
    <subfield code="3">IT\ICCU\CNCT\005801</subfield>
    <subfield code="z">Zanetti, Luigi</subfield>
  </datafield>
  <datafield tag="791" ind1="0" ind2="0">
    <subfield code="a">Zannetto, Luigi</subfield>
    <subfield code="3">IT\ICCU\CNCT\005802</subfield>
    <subfield code="z">Zanetti, Luigi</subfield>
  </datafield>
  <datafield tag="801" ind1=" " ind2="3">
    <subfield code="a">IT</subfield>
    <subfield code="b">ICCU</subfield>
    <subfield code="c">20201115</subfield>
  </datafield>
  <datafield tag="899" ind1=" " ind2=" ">
    <subfield code="a">Biblioteca civica Berio. Genova</subfield>
    <subfield code="1">GE0036</subfield>
    <subfield code="2">SGE BE</subfield>
  </datafield>
  <datafield tag="899" ind1=" " ind2=" ">
    <subfield code="a">Biblioteca comunale Augusta. Perugia</subfield>
    <subfield code="1">PG0109</subfield>
    <subfield code="2">UM1 01</subfield>
  </datafield>
  <datafield tag="899" ind1=" " ind2=" ">
    <subfield code="a">Biblioteca universitaria. Pisa</subfield>
    <subfield code="1">PI0112</subfield>
    <subfield code="2">PIS R1</subfield>
  </datafield>
  <datafield tag="899" ind1=" " ind2=" ">
    <subfield code="a">Biblioteca Angelica. Roma</subfield>
    <subfield code="1">RM0290</subfield>
    <subfield code="2">RML 06</subfield>
  </datafield>
  <datafield tag="899" ind1=" " ind2=" ">
    <subfield code="a">Biblioteca Casanatense. Roma</subfield>
    <subfield code="1">RM0313</subfield>
    <subfield code="2">RML 07</subfield>
  </datafield>
  <datafield tag="899" ind1=" " ind2=" ">
    <subfield code="a">Biblioteca comunale degli Intronati. Siena</subfield>
    <subfield code="1">SI0046</subfield>
    <subfield code="2">RT1 QI</subfield>
  </datafield>
</record>
</collection>
